@book{Mitchell:1997:ML:541177,
 author = {Mitchell, Thomas M.},
 title = {Machine Learning},
 year = {1997},
 isbn = {9780070428072},
 edition = {1},
 publisher = {McGraw-Hill, Inc.},
 address = {New York, NY, USA},
}

@article{DBLP:journals/corr/RasmusVHBR15,
  author    = {Antti Rasmus and
               Harri Valpola and
               Mikko Honkala and
               Mathias Berglund and
               Tapani Raiko},
  title     = {Semi-Supervised Learning with Ladder Network},
  journal   = {CoRR},
  volume    = {abs/1507.02672},
  year      = {2015},
  url       = {http://arxiv.org/abs/1507.02672},
  archivePrefix = {arXiv},
  eprint    = {1507.02672},
  timestamp = {Mon, 13 Aug 2018 16:46:45 +0200},
  biburl    = {https://dblp.org/rec/bib/journals/corr/RasmusVHBR15},
  bibsource = {dblp computer science bibliography, https://dblp.org}
}

@conference {WiNER-Ghaddar-Langlais,
	title = {WiNER: A Wikipedia Annotated Corpus for Named Entity Recognition},
	booktitle = {Proceedings of the Eighth International Joint Conference on Natural Language Processing (Volume 1: Long Papers)},
	year = {2017},
	url = {http://www.aclweb.org/anthology/I17-1042},
	pdf = {http://rali.iro.umontreal.ca/rali/sites/default/files/publis/I17-1042.pdf},
	author = {Ghaddar, Abbas and Langlais, Phillippe}
}

@inproceedings{iacobacci-etal-2016-embeddings,
    title = "Embeddings for Word Sense Disambiguation: An Evaluation Study",
    author = "Iacobacci, Ignacio  and
      Pilehvar, Mohammad Taher  and
      Navigli, Roberto",
    booktitle = "Proceedings of the 54th Annual Meeting of the Association for Computational Linguistics (Volume 1: Long Papers)",
    month = aug,
    year = "2016",
    address = "Berlin, Germany",
    publisher = "Association for Computational Linguistics",
    url = "https://www.aclweb.org/anthology/P16-1085",
    doi = "10.18653/v1/P16-1085",
    pages = "897--907",
}

@inproceedings{TjongKimSang:2003:ICS:1119176.1119195,
 author = {Tjong Kim Sang, Erik F. and De Meulder, Fien},
 title = {Introduction to the CoNLL-2003 Shared Task: Language-independent Named Entity Recognition},
 booktitle = {Proceedings of the Seventh Conference on Natural Language Learning at HLT-NAACL 2003 - Volume 4},
 series = {CONLL '03},
 year = {2003},
 location = {Edmonton, Canada},
 pages = {142--147},
 numpages = {6},
 url = {https://doi.org/10.3115/1119176.1119195},
 doi = {10.3115/1119176.1119195},
 acmid = {1119195},
 publisher = {Association for Computational Linguistics},
 address = {Stroudsburg, PA, USA},
}

@article{DBLP:journals/corr/HuangXY15,
  author    = {Zhiheng Huang and
               Wei Xu and
               Kai Yu},
  title     = {Bidirectional {LSTM-CRF} Models for Sequence Tagging},
  journal   = {CoRR},
  volume    = {abs/1508.01991},
  year      = {2015},
  url       = {http://arxiv.org/abs/1508.01991},
  archivePrefix = {arXiv},
  eprint    = {1508.01991},
  timestamp = {Mon, 13 Aug 2018 16:46:46 +0200},
  biburl    = {https://dblp.org/rec/bib/journals/corr/HuangXY15},
  bibsource = {dblp computer science bibliography, https://dblp.org}
}

@article{DBLP:journals/corr/MikolovSCCD13,
  author    = {Tomas Mikolov and
               Ilya Sutskever and
               Kai Chen and
               Greg Corrado and
               Jeffrey Dean},
  title     = {Distributed Representations of Words and Phrases and their Compositionality},
  journal   = {CoRR},
  volume    = {abs/1310.4546},
  year      = {2013},
  url       = {http://arxiv.org/abs/1310.4546},
  archivePrefix = {arXiv},
  eprint    = {1310.4546},
  timestamp = {Mon, 13 Aug 2018 16:47:09 +0200},
  biburl    = {https://dblp.org/rec/bib/journals/corr/MikolovSCCD13},
  bibsource = {dblp computer science bibliography, https://dblp.org}
}

@inproceedings{Zhong:2010:MSW:1858933.1858947,
 author = {Zhong, Zhi and Ng, Hwee Tou},
 title = {It Makes Sense: A Wide-coverage Word Sense Disambiguation System for Free Text},
 booktitle = {Proceedings of the ACL 2010 System Demonstrations},
 series = {ACLDemos '10},
 year = {2010},
 location = {Uppsala, Sweden},
 pages = {78--83},
 numpages = {6},
 url = {http://dl.acm.org/citation.cfm?id=1858933.1858947},
 acmid = {1858947},
 publisher = {Association for Computational Linguistics},
 address = {Stroudsburg, PA, USA},
}

@inproceedings{DBLP:conf/eurasip/SuddarthK90,
  author    = {S. C. Suddarth and
               Y. L. Kergosien},
  title     = {Rule-Injection Hints as a Means of Improving Network Performance and
               Learning Time},
  booktitle = {Neural Networks, {EURASIP} Workshop 1990, Sesimbra, Portugal, February
               15-17, 1990, Proceedings},
  pages     = {120--129},
  year      = {1990},
  crossref  = {DBLP:conf/eurasip/1990},
  url       = {https://doi.org/10.1007/3-540-52255-7\_33},
  doi       = {10.1007/3-540-52255-7\_33},
  timestamp = {Fri, 19 May 2017 13:10:46 +0200},
  biburl    = {https://dblp.org/rec/bib/conf/eurasip/SuddarthK90},
  bibsource = {dblp computer science bibliography, https://dblp.org}
}

@article{DBLP:journals/corr/Valpola14,
  author    = {Harri Valpola},
  title     = {From neural {PCA} to deep unsupervised learning},
  journal   = {CoRR},
  volume    = {abs/1411.7783},
  year      = {2014},
  url       = {http://arxiv.org/abs/1411.7783},
  archivePrefix = {arXiv},
  eprint    = {1411.7783},
  timestamp = {Mon, 13 Aug 2018 16:47:54 +0200},
  biburl    = {https://dblp.org/rec/bib/journals/corr/Valpola14},
  bibsource = {dblp computer science bibliography, https://dblp.org}
}

@book{j:zpf,
	Address = {Cambridge, MA},
	Author = {Zipf, George},
	Date-Added = {2016-10-21 21:40:30 +0000},
	Date-Modified = {2016-10-21 21:40:30 +0000},
	Publisher = {{Addison--Wesley}},
	Timestamp = {2016-10-26T12:06:24Z},
	Title = {Human {{Behavior}} and the {{Principle}} of {{Least Effort}}},
	Year = {1949}}

@article{Hornik:1989:MFN:70405.70408,
 author = {Hornik, K. and Stinchcombe, M. and White, H.},
 title = {Multilayer Feedforward Networks Are Universal Approximators},
 journal = {Neural Netw.},
 issue_date = {1989},
 volume = {2},
 number = {5},
 month = jul,
 year = {1989},
 issn = {0893-6080},
 pages = {359--366},
 numpages = {8},
 url = {http://dx.doi.org/10.1016/0893-6080(89)90020-8},
 doi = {10.1016/0893-6080(89)90020-8},
 acmid = {70408},
 publisher = {Elsevier Science Ltd.},
 address = {Oxford, UK, UK},
} 

@article{DBLP:journals/corr/abs-1802-05365,
  author    = {Matthew E. Peters and
               Mark Neumann and
               Mohit Iyyer and
               Matt Gardner and
               Christopher Clark and
               Kenton Lee and
               Luke Zettlemoyer},
  title     = {Deep contextualized word representations},
  journal   = {CoRR},
  volume    = {abs/1802.05365},
  year      = {2018},
  url       = {http://arxiv.org/abs/1802.05365},
  archivePrefix = {arXiv},
  eprint    = {1802.05365},
  timestamp = {Mon, 13 Aug 2018 16:48:54 +0200},
  biburl    = {https://dblp.org/rec/bib/journals/corr/abs-1802-05365},
  bibsource = {dblp computer science bibliography, https://dblp.org}
}

@article{DBLP:journals/corr/abs-1810-04805,
  author    = {Jacob Devlin and
               Ming{-}Wei Chang and
               Kenton Lee and
               Kristina Toutanova},
  title     = {{BERT:} Pre-training of Deep Bidirectional Transformers for Language
               Understanding},
  journal   = {CoRR},
  volume    = {abs/1810.04805},
  year      = {2018},
  url       = {http://arxiv.org/abs/1810.04805},
  archivePrefix = {arXiv},
  eprint    = {1810.04805},
  timestamp = {Tue, 30 Oct 2018 20:39:56 +0100},
  biburl    = {https://dblp.org/rec/bib/journals/corr/abs-1810-04805},
  bibsource = {dblp computer science bibliography, https://dblp.org}
}